<record><leader>00000cas a22000007a 4500</leader><controlfield tag="001">27134139</controlfield><controlfield tag="008">921217d19141915gauwr ne      0    0eng d</controlfield><datafield ind1=" " ind2=" " tag="010"><subfield code="a">sn 92060620 </subfield></datafield><datafield ind1=" " ind2=" " tag="040"><subfield code="a">YOX</subfield><subfield code="b">eng</subfield><subfield code="c">YOX</subfield><subfield code="d">OCLCQ</subfield><subfield code="d">KRTAS</subfield><subfield code="d">OCLCQ</subfield><subfield code="d">OCLCF</subfield><subfield code="d">OCLCO</subfield></datafield><datafield ind1=" " ind2=" " tag="042"><subfield code="a">msc</subfield></datafield><datafield ind1="0" ind2="4" tag="245"><subfield code="a">The National field and Texas farm co-operator.</subfield></datafield><datafield ind1="3" ind2="0" tag="246"><subfield code="a">National field and Texas farm cooperator</subfield></datafield><datafield ind1="1" ind2="7" tag="246"><subfield code="a">National field</subfield></datafield><datafield ind1=" " ind2=" " tag="260"><subfield code="a">Atlanta, Ga. :</subfield><subfield code="b">[s.n.]</subfield></datafield><datafield ind1=" " ind2=" " tag="300"><subfield code="a">v.</subfield></datafield><datafield ind1=" " ind2=" " tag="310"><subfield code="a">Weekly</subfield></datafield><datafield ind1="0" ind2=" " tag="362"><subfield code="a">Vol. 1, no. 9 (Jan. 8, 1914)-v. 4, no. 12 (Aug. 19, 1915).</subfield></datafield><datafield ind1=" " ind2=" " tag="550"><subfield code="a">"Official organ of National Farmers' Union."</subfield></datafield><datafield ind1=" " ind2="0" tag="650"><subfield code="a">Agriculture, Cooperative</subfield><subfield code="v">Newspapers.</subfield></datafield><datafield ind1=" " ind2="0" tag="650"><subfield code="a">Cooperative marketing of farm produce</subfield><subfield code="v">Newspapers.</subfield></datafield><datafield ind1=" " ind2="7" tag="655"><subfield code="a">Newspapers.</subfield><subfield code="2">fast</subfield><subfield code="0">(OCoLC)fst01423814</subfield></datafield><datafield ind1=" " ind2="7" tag="650"><subfield code="a">Agriculture, Cooperative.</subfield><subfield code="2">fast</subfield><subfield code="0">(OCoLC)fst00801781</subfield></datafield><datafield ind1=" " ind2="7" tag="650"><subfield code="a">Cooperative marketing of farm produce.</subfield><subfield code="2">fast</subfield><subfield code="0">(OCoLC)fst00878171</subfield></datafield><datafield ind1="2" ind2=" " tag="710"><subfield code="a">National Farmers' Union (U.S.)</subfield></datafield><datafield ind1=" " ind2=" " tag="752"><subfield code="a">United States</subfield><subfield code="b">Georgia</subfield><subfield code="c">Fulton</subfield><subfield code="d">Atlanta.</subfield></datafield><datafield ind1="0" ind2="4" tag="780"><subfield code="t">National field (Atlanta, Ga.)</subfield></datafield><datafield ind1="0" ind2="4" tag="780"><subfield code="t">Texas farm co-operator</subfield><subfield code="w">(DLC)sn 86088439</subfield></datafield><datafield ind1="0" ind2="0" tag="785"><subfield code="t">National field (Atlanta, Ga. : 1915)</subfield><subfield code="w">(DLC)sn 92060621</subfield></datafield><datafield ind1=" " ind2=" " tag="938"><subfield code="a">Kirtas Technologies, Inc.</subfield><subfield code="b">KRTS</subfield><subfield code="n">740554</subfield></datafield></record>